
@book{Ableitinger2013,
	address = {Wiesbaden},
	title = {Zur doppelten {Diskontinuität} in der {Gymnasiallehrerbildung}: {Ansätze} zu {Verknüpfungen} der fachinhaltlichen {Ausbildung} mit schulischen {Vorerfahrungen} und {Erfordernissen}},
	isbn = {978-3-658-01359-2 978-3-658-01360-8},
	shorttitle = {Zur doppelten {Diskontinuität} in der {Gymnasiallehrerbildung}},
	url = {https://link.springer.com/10.1007/978-3-658-01360-8},
	language = {de},
	urldate = {2023-10-13},
	publisher = {Springer Fachmedien Wiesbaden},
	editor = {Ableitinger, Christoph and Kramer, Jürg and Prediger, Susanne},
	year = {2013},
	doi = {10.1007/978-3-658-01360-8},
}



@book{Adam2016,
	title = {Mathe.delta: {Mathematik} für das {Gymnasium} 8, {Berlin}/{Brandenburg}},
	isbn = {978-3-661-61108-2},
	publisher = {C.C.Buchner},
	author = {Adam, Viola and Kleine, Michael},
	year = {2016},
}


@article{Barzel2011a,
	title = {Gleichungen verstehen},
	number = {169},
	journal = {mathematik lehren},
	author = {Barzel, Bärbel and Holzäpfel, Lars},
	year = {2011},
	pages = {2--7},
}


@misc{Barzel2012a,
	address = {Berlin},
	title = {Mathewerkstatt. 5, {Handreichungen}},
	isbn = {978-3-06-040231-1},
	publisher = {Cornelsen},
	editor = {Barzel, Bärbel and Hußmann, Stephan and Leuders, Timo and Prediger, Susanne},
	year = {2012},
	type = {DVD},
}


@book{Barzel2012b,
	address = {Berlin},
	edition = {Mittlerer Schulabschluss, allgemeine Ausg., 1. Aufl.},
	title = {Mathewerkstatt. 5, {Materialblock}},
	isbn = {978-3-06-040223-6},
	publisher = {Cornelsen},
	editor = {Barzel, Bärbel and Hußmann, Stephan and Leuders, Timo and Prediger, Susanne},
	year = {2012},
}


@book{Barzel2012,
	address = {Berlin},
	edition = {Mittlerer Schulabschluss, allgemeine Ausg., 1. Aufl.},
	title = {Mathewerkstatt. 5, {Schulbuch}},
	isbn = {978-3-06-040253-3 978-3-06-040230-4},
	publisher = {Cornelsen},
	editor = {Barzel, Bärbel and Hußmann, Stephan and Leuders, Timo and Prediger, Susanne},
	year = {2012},
}


@book{Barzel2016,
	address = {Berlin},
	edition = {Mittlerer Schulabschluss, allgemeine Ausg., 1. Aufl.},
	title = {Mathewerkstatt. 9, {Schulbuch}},
	isbn = {978-3-06-040036-2},
	publisher = {Cornelsen},
	editor = {Barzel, Bärbel and Hußmann, Stephan and Leuders, Timo and Prediger, Susanne},
	year = {2016},
}


@book{Beutelspacher2012,
	address = {Wiesbaden},
	title = {Mathematik {Neu} {Denken}},
	isbn = {978-3-8348-1648-1 978-3-8348-8250-9},
	url = {http://link.springer.com/10.1007/978-3-8348-8250-9},
	language = {de},
	urldate = {2021-12-18},
	publisher = {Vieweg+Teubner Verlag},
	author = {Beutelspacher, Albrecht and Danckwerts, Rainer and Nickel, Gregor and Spies, Susanne and Wickel, Gabriele},
	year = {2012},
	doi = {10.1007/978-3-8348-8250-9},
}


@article{Binder2020,
	title = {A {New} {Visualization} for {Probabilistic} {Situations} {Containing} {Two} {Binary} {Events}: {The} {Frequency} {Net}},
	volume = {11},
	issn = {1664-1078},
	doi = {10.3389/fpsyg.2020.00750},
	journal = {Frontiers in Psychology},
	author = {Binder, Karin and Krauss, Stefan and Wiesner, Patrick},
	year = {2020},
}


@book{Boeer2014,
	edition = {1. Aufl.},
	title = {Mathe live. 8, {Schülerbuch}},
	isbn = {978-3-12-720540-4},
	publisher = {Klett},
	author = {Böer, Heinz and Göckel, Dorothee and Kliemann, Sabine and Koepsell, Andreas and Puscher, Regina and Schmidt, Wolfram and Vernay, Rüdiger},
	year = {2014},
}


@book{Bruckler:2018,
	title = {Geschichte der {Mathematik} kompakt: {Das} {Wichtigste} aus {Analysis}, {Wahrscheinlichkeitstheorie}, angewandter {Mathematik}, {Topologie} und {Mengenlehre}},
	isbn = {978-3-662-55573-6 978-3-662-55574-3},
	publisher = {Springer Spektrum},
	author = {Brückler, Franka Miriam},
	year = {2018},
	doi = {10.1007/978-3-662-55574-3},
}


@misc{Bruder,
	title = {Eine akzentuierte {Aufgabenauswahl} und {Vermitteln} heuristischer {Erfahrung} – {Wege} zu einem anspruchsvollen {Mathematikunterricht} für alle},
	url = {http://www.math-learning.com/files/extremal.pdf},
	urldate = {2022-01-02},
	author = {Bruder, Regina},
}


@article{Bruder1991,
	title = {Unterrichtssituationen – ein {Modell} für die {Aus}- und {Weiterbildung} zur {Gestaltung} von {Mathematikunterricht}},
	volume = {35},
	issn = {0941-9896},
	number = {2},
	journal = {Wissenschaftliche Zeitschrift der Universität Potsdam},
	author = {Bruder, Regina},
	year = {1991},
	pages = {129--134},
}


@article{Bruder2011,
  author = {Bruder, Regina},
  year = {2001},
  journal = {Pädagogik (Weinheim)},
  number = {10},
  pages = {15-18},
  title = {Mathematik lernen und behalten},
  volume = {53},
  issn = {0933-422X},
}


@incollection{Bruder2012,
	title = {Vielseitig mit {Aufgaben} arbeiten – {Mathematische} {Kompetenzen} nachhaltig entwickeln und sichern},
	booktitle = {Mathematikunterricht entwickeln},
	publisher = {Cornelsen Scriptor},
	author = {Bruder, Regina},
	editor = {Bruder, Regina and Leuders, Timo and Büchter, Andreas},
	year = {2012},
	pages = {18--52},
}


@incollection{Bruderb,
	title = {Orientierungsgrundlagen der {Lerntätigkeit} nach {Lompscher} – {Potenziale} und {Einordnung} eines theoretischen {Konzepts}},
	language = {de},
	booktitle = {Beiträge zum {Mathematikunterricht} 2022. 56. {Jahrestagung} der {Gesellschaft} für {Didaktik} der {Mathematik}},
	publisher = {WTM},
	author = {Bruder, Regina},
	editor = {IDMI-Primar Goethe-Universität Frankfurt},
	year = {2023},
	doi = {10.17877/DE290R-23484},
	file = {Bruder - 2023 - Orientierungsgrundlagen der Lerntätigkeit nach Lom.pdf:/Users/etzold/Zotero/storage/MYS9KQ8A/Bruder - 2023 - Orientierungsgrundlagen der Lerntätigkeit nach Lom.pdf:application/pdf},
}




@article{Bruder1989,
	title = {Zur {Beschreibung} von {Schülertätigkeiten} im {Mathematikunterricht} – ein allgemeiner {Ansatz}},
	volume = {30},
	number = {6},
	journal = {Pädagogische Forschung. Wissenschaftliche Nachrichten},
	author = {Bruder, Regina and Brückner, Axel},
	editor = {Akademie der Pädagogischen Wissenschaften der Deutschen Demokratischen Republik},
	year = {1989},
	pages = {72--82},
}


@article{Bruder2008b,
	title = {Üben mit {Konzept}},
	number = {147},
	journal = {mathematik lehren},
	author = {Bruder, Regina},
	year = {2008},
	pages = {4--11},
}


@incollection{Bruder2015a,
	address = {Berlin, Heidelberg},
	title = {Individualisieren und differenzieren},
	isbn = {978-3-642-35118-1 978-3-642-35119-8},
	url = {http://link.springer.com/10.1007/978-3-642-35119-8_19},
	language = {de},
	urldate = {2022-01-10},
	booktitle = {Handbuch der {Mathematikdidaktik}},
	publisher = {Springer Berlin Heidelberg},
	author = {Bruder, Regina and Linneweber-Lammerskitten, Helmut and Reibold, Julia},
	editor = {Bruder, Regina and Hefendehl-Hebeker, Lisa and Schmidt-Thieme, Barbara and Weigand, Hans-Georg},
	year = {2015},
	doi = {10.1007/978-3-642-35119-8_19},
	pages = {513--534},
}


@incollection{Bruner:1976,
	address = {Wiesbaden},
	title = {Die {Bedeutung} der {Struktur} im {Lernprozeß}},
	isbn = {978-3-8100-0157-3 978-3-322-85275-5},
	url = {http://link.springer.com/10.1007/978-3-322-85275-5},
	language = {de},
	urldate = {2021-10-24},
	booktitle = {Das sozialwissenschaftliche {Curriculum} in der {Schule}: {Neue} {Formen} und {Inhalte}},
	publisher = {VS Verlag für Sozialwissenschaften},
	author = {Bruner, Jerome S.},
	editor = {Holtmann, Antonius},
	year = {1976},
	doi = {10.1007/978-3-322-85275-5},
	pages = {77--90},
}


@collection{Buchter2018,
	title = {mathematik lehren 210: Messen},
	publisher = {Friedrich Verlag},
	editor = {Büchter, Andreas and Holzäpfel, Lars},
	date = {2018},
}


@misc{BundesministeriumfurErnahrungundLandwirtschaft2014,
	title = {Gutachten über {Mindestanforderungen} an die {Haltung} von {Säugetieren}},
	url = {https://www.bmel.de/SharedDocs/Downloads/DE/_Tiere/Tierschutz/HaltungSaeugetiere.pdf;jsessionid=6B0914AB410E7E118E6CC87C65735734.live832?__blob=publicationFile&v=7},
	language = {de},
	urldate = {2021-11-14},
	author = {{Bundesministerium für Ernährung und Landwirtschaft}},
	year = {2014},
}


@article{Danckwerts:1988,
	title = {Linearität als organisierendes Element zentraler Inhalte der Schulmathematik},
	volume = {16},
	issn = {0343-5334},
	number = {2},
	journal = {Didaktik der Mathematik},
	author = {Danckwerts, Rainer},
	year = {1988},
	pages = {149--160},
}


@book{Danckwerts2010,
	address = {Berlin Heidelberg},
	edition = {1. Aufl., 2. Nachdruck},
	series = {Mathematik {Primar}- und {Sekundarstufe}},
	title = {Analysis verständlich unterrichten},
	isbn = {978-3-8274-1740-4},
	language = {ger},
	publisher = {Spektrum Akad. Verl},
	author = {Danckwerts, Rainer and Vogel, Dankwart},
	year = {2010},
}


@incollection{Danckwerts2013,
	address = {Wiesbaden},
	title = {Angehende {Gymnasiallehrer}(innen) brauchen eine „{Schulmathematik} vom höheren {Standpunkt}“!},
	isbn = {978-3-658-01359-2 978-3-658-01360-8},
	url = {https://link.springer.com/10.1007/978-3-658-01360-8_5},
	language = {de},
	urldate = {2023-10-13},
	booktitle = {Zur doppelten {Diskontinuität} in der {Gymnasiallehrerbildung}},
	publisher = {Springer Fachmedien Wiesbaden},
	author = {Danckwerts, Rainer},
	editor = {Ableitinger, Christoph and Kramer, Jürg and Prediger, Susanne},
	year = {2013},
	doi = {10.1007/978-3-658-01360-8_5},
	pages = {77--94},
}

@article{Dohrmann2018,
	title = {Herausforderungen bei der {Winkelmessung}},
	number = {210},
	journal = {mathematik lehren},
	author = {Dohrmann, Christian},
	year = {2018},
	pages = {20--23},
}


@incollection{Dohrmann2018b,
	address = {Münster},
	title = {Tätigkeitstheoretische {Begriffsbildung} – {ACAT}-basierte {Entwicklung} von {Material} am {Beispiel} des {Winkelfeldes}},
	booktitle = {Beiträge zum {Mathematikunterricht} 2018. {Vorträge} zur {Mathematikdidaktik} und zur {Schnittstelle} {Mathematik}/{Mathematikdidaktik} auf der gemeinsamen {Jahrestagung} {GDM} und {DMV} 2018 (52. {Jahrestagung} der {Gesellschaft} für {Didaktik} der {Mathematik})},
	publisher = {WTM-Verlag},
	author = {Dohrmann, Christian and Etzold, Heiko},
	editor = {Paderborn, Fachgruppe Didaktik der Mathematik der Universität},
	year = {2018},
	doi = {10.17877/DE290R-19296},
	pages = {449--452},
}


@incollection{Dohrmann2014,
	title = {Auf der {Suche} nach {Grundvorstellungen} zum {Winkel}},
	language = {de},
	urldate = {2022-04-25},
	booktitle = {Beiträge zum {Mathematikunterricht} 2014},
	publisher = {WTM},
	author = {Dohrmann, Christian and Kuzle, Ana},
	editor = {Roth, Jürgen and Ames, J.},
	year = {2014},
	doi = {10.17877/DE290R-15897},
	keywords = {Winkel},
	pages = {301--304},
}


@article{Drijvers2010,
	title = {The teacher and the tool: instrumental orchestrations in the technology-rich mathematics classroom},
	volume = {75},
	issn = {0013-1954, 1573-0816},
	shorttitle = {The teacher and the tool},
	url = {http://link.springer.com/10.1007/s10649-010-9254-5},
	doi = {10.1007/s10649-010-9254-5},
	language = {en},
	number = {2},
	urldate = {2021-12-20},
	journal = {Educational Studies in Mathematics},
	author = {Drijvers, Paul and Doorman, Michiel and Boon, Peter and Reed, Helen and Gravemeijer, Koeno},
	month = nov,
	year = {2010},
	pages = {213--234},
}


@article{Druke-Noe2018,
	title = {Einfach – mittel – schwierig … {Wenn} das so einfach wäre: {Aufgaben} unterschiedlichen {Schwierigkeitsgrades} entwickeln},
	number = {209},
	journal = {mathematik lehren},
	author = {Drüke-Noe, Christina},
	year = {2018},
	pages = {9--12},
}


@misc{Etzold:2019,
	title = {Winkel-{Farm}},
	url = {https://apps.apple.com/de/app/winkel-farm/id1369585218},
	author = {Etzold, Heiko},
	year = {2019},
	version = {2},
	type = {App},
}


@misc{Etzold:2019Praxis4,
	title = {Winkel-{Farm} – {Leitfaden} für {Lehrerinnen} und {Lehrer}},
	version = {2},
	publisher = {Zenodo},
	author = {Etzold, Heiko},
	year = {2019},
	doi = {10.5281/zenodo.4747700},
}


@misc{Etzold2020a,
	title = {Klipp {Klapp}},
	url = {https://apps.apple.com/de/app/klipp-klapp/id1157365733},
	author = {Etzold, Heiko},
	year = {2020},
	type = {App},
}


@phdthesis{Etzold2021,
  type        = {Dissertation},
  author      = {Heiko Etzold},
  title       = {Neue Zugänge zum Winkelbegriff},
  school      = {Universität Potsdam},
  doi         = {10.25932/publishup-50418},
  year        = {2021},
}


@incollection{Etzold2018,
	address = {Münster},
	title = {{ACAT}-{Review}-{Guide} – {Ein} tätigkeitstheoretischer {Blick} auf die {Beurteilung} von {Mathematik}-{Apps}},
	isbn = {978-3-95987-078-8},
	url = {https://www.wtm-verlag.de/s-ladel-u-kortenkamp-h-etzold-hrsg-mathematik-mit-digitalen-medien-konkret-ein-handbuch-fuer-lehrpersonen-der-primarstufe/},
	urldate = {2021-03-16},
	booktitle = {Mathematik mit digitalen {Medien} – konkret},
	publisher = {WTM-Verlag},
	author = {Etzold, Heiko and Kortenkamp, Ulrich and Ladel, Silke},
	editor = {Ladel, Silke and Kortenkamp, Ulrich and Etzold, Heiko},
	year = {2018},
	doi = {10.37626/GA9783959870788.0.07},
	pages = {91--98},
}


@book{Etzold2014a,
	address = {Mülheim an der Ruhr},
	title = {Mathe verstehen durch {Papierfalten}},
	publisher = {Verlag an der Ruhr},
	author = {Etzold, Heiko and Petzschler, Ines},
	year = {2014},
	keywords = {Buch},
}


@article{Fabian2022,
	title = {Minusgrade, {Schulden}, {Tauchtiefen} – {Speziﬁzierung} von {Sprachmitteln} zur {Einführung} negativer {Zahlen}},
	doi = {10.1007/s13138-022-00208-8},
	language = {de},
	journal = {Journal für Mathematik-Didaktik},
	author = {Fabian, Melina},
	year = {2022},
}


@book{Feldt-Caesar2017,
	address = {Wiesbaden},
	title = {Konzeptualisierung und {Diagnose} von mathematischem {Grundwissen} und {Grundkönnen}},
	isbn = {978-3-658-17372-2 978-3-658-17373-9},
	url = {http://link.springer.com/10.1007/978-3-658-17373-9},
	language = {de},
	urldate = {2021-12-13},
	publisher = {Springer Fachmedien Wiesbaden},
	author = {Feldt-Caesar, Nora},
	year = {2017},
	doi = {10.1007/978-3-658-17373-9},
}


@unpublished{Filler2011,
	title = {Zusammenfassende {Notizen} zu der {Vorlesung} {Didaktik} der {Elementargeometrie}},
	url = {didaktik.mathematik.hu-berlin.de/files/did_elemgeo-skript.pdf},
	author = {Filler, Andreas},
	year = {2011},
}


@incollection{Fockler2018,
	title = {Die selbstdifferenzierende {Aufgabe} als {Form} der {Differenzierung} im {Mathematikunterricht}},
	url = {https://eldorado.tu-dortmund.de/handle/2003/37332},
	language = {de},
	urldate = {2022-01-10},
	booktitle = {Beiträge zum {Mathematikunterricht} 2018},
	publisher = {WTM},
	author = {Föckler, Frank and Leuders, Timo and Holzäpfel, Lars},
	editor = {{Fachgruppe Didaktik der Mathematik der Universität Paderborn}},
	year = {2018},
	doi = {10.17877/DE290R-19327},
	pages = {541--544},
}


@book{Franke2016,
	edition = {3},
	title = {Didaktik der {Geometrie}. {In} der {Grundschule}},
	publisher = {Springer Spektrum},
	author = {Franke, Marianne and Reinhold, Simone},
	year = {2016},
}


@book{Freudenthal1973a,
	address = {Stuttgart},
	title = {Mathematik als pädagogische {Aufgabe}},
	volume = {1},
	publisher = {Klett},
	author = {Freudenthal, Hans},
	year = {1973},
}


@book{Freudenthal:1973,
	address = {Stuttgart},
	title = {Mathematik als pädagogische {Aufgabe}},
	volume = {2},
	publisher = {Klett},
	author = {Freudenthal, Hans},
	year = {1973},
}

@book{Freudenthal1973c,
	address = {Dordrecht},
	title = {Mathematics as an {Educational} {Task}},
	isbn = {978-90-277-0322-4 978-94-010-2903-2},
	url = {http://link.springer.com/10.1007/978-94-010-2903-2},
	language = {en},
	urldate = {2021-08-10},
	publisher = {Springer Netherlands},
	author = {Freudenthal, Hans},
	year = {1973},
	doi = {10.1007/978-94-010-2903-2},
	file = {Freudenthal - 1972 - Mathematics as an Educational Task.pdf:/Users/etzold/Zotero/storage/QSH7MABH/Freudenthal - 1972 - Mathematics as an Educational Task.pdf:application/pdf},
}




@article{Freudenthal1989,
	title = {Einführung der negativen {Zahlen} nach dem geometrisch-algebraischen {Permanenzprinzip}},
	number = {35},
	journal = {mathematik lehren},
	author = {Freudenthal, Hans},
	year = {1989},
	pages = {27--37}
}


@book{Gellert1986,
	address = {Leipzig},
	edition = {13},
	title = {Kleine {Enzyklopädie} {Mathematik}},
	publisher = {VEB Bibliographisches Institut},
	editor = {Gellert, Walter and Küstner, H and Hellwich, Manfred and Kästner, Herbert and Reichardt, Hans},
	year = {1986},
}



@article{Giest2016a,
	title = {Kulturhistorische {Didaktik} und {Bildungstheorie}},
	volume = {14},
	url = {http://www.ich-sciences.de/media/journal/Ausgabe_14/heft_14.pdf},
	journal = {Tätigkeitstheorie. Journal für tätigkeitstheoretische Forschung in Deutschland},
	author = {Giest, Hartmut},
	year = {2016},
	pages = {24--48},
}


@article{Giest2004a,
	title = {Tätigkeitstheoretische Überlegungen zu einer neuen {Lernkultur}},
	volume = {72},
	url = {https://leibnizsozietaet.de/wp-content/uploads/2012/11/07_giest.pdf},
	urldate = {2021-11-24},
	journal = {Sitzungsberichte der Leibniz-Sozietät},
	author = {Giest, Hartmut and Lompscher, Joachim},
	year = {2004},
	pages = {101--123},
}


@book{Giest2006,
	address = {Berlin},
	title = {Lerntätigkeit -- {Lernen} aus kultur-historischer {Perspektive}. {Ein} {Beitrag} zur {Entwicklung} einer neuen {Lernkultur} im {Unterricht}},
	publisher = {Lehmanns Media},
	author = {Giest, Hartmut and Lompscher, Joachim},
	year = {2006},
}


@book{Greefrath2016,
	address = {Berlin, Heidelberg},
	edition = {4},
	series = {Mathematik {Primarstufe} und {Sekundarstufe} {I} + {II}},
	title = {Didaktik der {Analysis}. {Aspekte} und {Grundvorstellungen} zentraler {Begriffe}},
	publisher = {Springer Spektrum},
	author = {Greefrath, Gilbert and Oldenburg, Reinhard and Siller, Hans-Stefan and Ulm, Volker and Weigand, Hans-Georg},
	editor = {Padberg, Friedhelm and Büchter, Andreas},
	year = {2016},
	doi = {10.1007/978-3-662-48877-5},
}


@article{Hattermann2014,
	title = {Rote {Karte}? {Ich} hab' grün! {Ein} {Spiel} zur {Addition} und {Subtraktion} ganzer {Zahlen}},
	volume = {183},
	journal = {mathematik lehren},
	author = {Hattermann, Matthias and vom Hofe, Rudolf and Viehmeister, Frauke},
	year = {2014},
	pages = {15--19},
}


@article{Hefendehl-Hebeker:2016,
	title = {Subject-matter didactics in {German} traditions: {Early} historical developments},
	volume = {37},
	issn = {0173-5322, 1869-2699},
	shorttitle = {Subject-matter didactics in {German} traditions},
	url = {http://link.springer.com/10.1007/s13138-016-0103-7},
	doi = {10.1007/s13138-016-0103-7},
	language = {en},
	number = {S1},
	urldate = {2021-10-24},
	journal = {Journal für Mathematik-Didaktik},
	author = {Hefendehl-Hebeker, Lisa},
	month = jul,
	year = {2016},
	pages = {11--31},
}


@book{Henn2015,
	address = {Berlin, Heidelberg},
	title = {Didaktik der {Analytischen} {Geometrie} und {Linearen} {Algebra}: {Algebraisch} verstehen -- {Geometrisch} veranschaulichen und anwenden},
	publisher = {Springer Spektrum},
	author = {Henn, Hans-Wolfgang and Filler, Andreas},
	year = {2015},
}


@article{Hussmann:2016,
	title = {Specifying and Structuring Mathematical Topics: A Four-Level Approach for Combining Formal, Semantic, Concrete, and Empirical Levels Exemplified for Exponential Growth},
	volume = {37},
	doi = {10.1007/s13138-016-0102-8},
	language = {en},
	number = {S1},
	journal = {Journal für Mathematik-Didaktik},
	author = {Hußmann, Stephan and Prediger, Susanne},
	year = {2016},
	pages = {33-67},
}


@article{Hussmann:2016a,
	title = {Subject {Matter} {Didactics} in {Mathematics} {Education}},
	volume = {37},
	issn = {0173-5322, 1869-2699},
	url = {http://link.springer.com/10.1007/s13138-016-0105-5},
	doi = {10.1007/s13138-016-0105-5},
	language = {en},
	number = {S1},
	urldate = {2021-10-24},
	journal = {Journal für Mathematik-Didaktik},
	author = {Hußmann, Stephan and Rezat, Sebastian and Sträßer, Rudolf},
	month = jul,
	year = {2016},
	pages = {1--9},
}


@article{Hussmann2014,
	title = {En {Kontext} für negative {Zahlen} – auch für die {Multiplikation}},
	number = {183},
	journal = {mathematik lehren},
	author = {Hußmann, Stephan and Schindler, Maike},
	year = {2014},
	pages = {28--32},
}


@misc{InstitutfurQualitatsentwicklungimBildungswesen2019,
	title = {Gemeinsame {Aufgabenpools} der {Länder}. {Aufgaben} für das {Fach} {Mathematik}. {Grundstock} von {Operatoren}},
	url = {https://www.iqb.hu-berlin.de/abitur/abitur/dokumente/mathematik/M_Grundstock_von.pdf},
	author = {{Institut für Qualitätsentwicklung im Bildungswesen}},
	year = {2019},
}


@article{Jahnke:2010,
	title = {Vom mählichen {Verschwinden} des {Fachs} aus der {Mathematikdidaktik}},
	url = {https://ojs.didaktik-der-mathematik.de/index.php/mgdm/article/view/559/550},
	language = {de},
	urldate = {2021-10-24},
	author = {Jahnke, Thomas},
	year = {2010},
	pages = {21--24},
	journal = {GDM-Mitteilungen 89},
}


@book{Klein1967,
	address = {Berlin, Heidelberg},
	title = {Elementarmathematik vom {Höheren} {Standpunkte} aus {I}. {Arithmetik}, {Algebra}, {Analysis}},
	isbn = {978-3-662-11653-1 978-3-662-11652-4},
	url = {http://link.springer.com/10.1007/978-3-662-11652-4},
	urldate = {2023-10-12},
	publisher = {Springer Berlin Heidelberg},
	author = {Klein, Felix},
	year = {1967},
	doi = {10.1007/978-3-662-11652-4},

}


@book{Klein1925,
	address = {Berlin, Heidelberg},
	title = {Elementarmathematik vom {Höheren} {Standpunkte} aus {II}. {Geometrie}},
	isbn = {978-3-642-88996-7 978-3-642-90852-1},
	url = {http://link.springer.com/10.1007/978-3-642-90852-1},
	language = {de},
	urldate = {2023-10-12},
	publisher = {Springer Berlin Heidelberg},
	author = {Klein, Felix},
	year = {1925},
	doi = {10.1007/978-3-642-90852-1},
}

@book{Klein1955,
	address = {Berlin, Heidelberg},
	title = {Elementarmathematik vom {Höheren} {Standpunkte} aus {III}. {Präzisions}- und {Approximationsmathematik}},
	isbn = {978-3-540-04128-3 978-3-662-00246-9},
	url = {http://link.springer.com/10.1007/978-3-662-00246-9},
	urldate = {2023-10-12},
	publisher = {Springer Berlin Heidelberg},
	author = {Klein, Felix},
	editor = {Müller, C. H.},
	year = {1955},
	doi = {10.1007/978-3-662-00246-9},
}


@book{Kleine2011a,
	address = {Bamberg},
	edition = {1. Aufl.},
	title = {Mathe.{Logo}. 7, {Gymnasium} {Thüringen}, {Schülerband}},
	isbn = {978-3-7661-8407-8},
	language = {ger},
	publisher = {C.C.Buchner},
	editor = {Kleine, Michael and Ludwig, Matthias},
	year = {2011},
}


@phdthesis{Korn2023,
  type        = {unveröffentlichte Masterarbeit},
  author      = {Marie-Luise Korn},
  title       = {Kognitive Aktivierung mit digitalen Medien im Mathematikunterricht. Ein Beispiel einer digitalen Lernumgebung zum Thema Boxplots},
  school      = {Universität Potsdam},
	year = {2023},
}


@misc{Kortenkamp2018a,
	title = {Digitale {Stellenwerttafel} – {Leitfaden} für {Lehrerinnen} und {Lehrer} ({Version} 5)},
	publisher = {Zenodo},
	author = {Kortenkamp, Ulrich and Etzold, Heiko and Goral, Johanna and Schmidt, Alexander and Börrnert, Matthias},
	year = {2018},
	doi = {10.5281/zenodo.4761419},
	keywords = {Praxisbeitrag},
}


@misc{Kortenkamp2019,
	title = {Leitfaden zur {Beurteilung} von {Apps}},
	copyright = {Creative Commons Attribution 4.0 International, Open Access},
	language = {de},
	urldate = {2021-07-14},
	publisher = {Zenodo},
	author = {Kortenkamp, Ulrich and Etzold, Heiko and Ladel, Silke},
	month = jan,
	year = {2019},
	doi = {10.5281/zenodo.5091906},
	note = {Publisher: Zenodo},
}


@misc{Kortenkamp,
	title = {Materialien zur {Diagnose} und {Förderung} im {Mathematikunterricht} –  {Leitidee} „{Daten} und {Zufall}“. {Didaktischer} {Kommentar}},
	copyright = {CC-BY-SA 4.0},
	url = {https://bildungsserver.berlin-brandenburg.de/fileadmin/bbb/unterricht/faecher/naturwissenschaften/mathematik/Materialien_zur_Diagnose_und_Foerderung_im_Mathematikunterricht/Daten_und_Zufall/059_Daten_und_Zufall_didaktischer_Kommentar_181019.pdf},
	urldate = {2022-01-25},
	author = {Kortenkamp, Ulrich and Kuzle, Ana},
}


@misc{Kortenkampa,
	title = {Materialien zur {Diagnose} und {Förderung} im {Mathematikunterricht} –  {Leitidee} „{Gleichungen} und {Funktionen}“. {Didaktischer} {Kommentar}},
	copyright = {CC-BY-SA 4.0},
	url = {https://bildungsserver.berlin-brandenburg.de/fileadmin/bbb/rlp-online/Teil_C/Mathematik/Materialien/Materialien_zum_Themenfeld_Gleichungen_und_Funktionen/008_L4_Didaktischer_Text.pdf},
	urldate = {2022-01-25},
	author = {Kortenkamp, Ulrich and Kuzle, Ana},
}


@misc{Kortenkampb,
	title = {Materialien zur {Diagnose} und {Förderung} im {Mathematikunterricht} –  {Leitidee} „{Größen} und {Messen}“. {Didaktischer} {Kommentar}},
	copyright = {CC-BY-SA 4.0},
	url = {https://bildungsserver.berlin-brandenburg.de/fileadmin/bbb/unterricht/faecher/naturwissenschaften/mathematik/Materialien_zur_Diagnose_und_Foerderung_im_Mathematikunterricht/Groessen_und_Messen/008_Gri_en_und_Messen_didaktischer_Text_181019.pdf},
	urldate = {2022-02-18},
	author = {Kortenkamp, Ulrich and Kuzle, Ana},
}


@phdthesis{Krainer:1989,
	type = {Dissertation},
	author = {Krainer, Konrad},
	title = {Lebendige {Geometrie}. Überlegungen zu einem integrativen {Verständnis} von {Geometrieunterricht} anhand des {Winkelbegriffs}},
	school = {Alpen-Adria-Universität Klagenfurt},
	year = {1989},
}


@book{Krauthausen:2018,
	address = {Berlin},
	edition = {Mathematik Primarstufe und Sekundarstufe I + II},
	title = {Einführung in die {Mathematikdidaktik}},
	number = {4},
	publisher = {Springer Spektrum},
	author = {Krauthausen, Günter},
	editor = {Padberg, Friedhelm and Büchter, Andreas},
	year = {2018},
	doi = {10.1007/978-3-662-54692-5},
}


@book{Krauthausen2010,
	address = {Kiel},
	title = {Umgang mit {Heterogenität}. {Natürliche} {Differenzierung} im {Mathematikunterricht} der {Grundschule}},
	isbn = {978-3-89088-203-1},
	shorttitle = {Umgang mit {Heterogenit}?},
	url = {http://www.sinus-an-grundschulen.de/fileadmin/uploads/Material_aus_SGS/Handreichung_Krauthausen-Scherer.pdf},
	language = {de},
	publisher = {IPN},
	author = {Krauthausen, Günter and Scherer, Petra},
	year = {2010},
}


@book{Kruger2015,
	address = {Berlin, Heidelberg},
	title = {Didaktik der {Stochastik} in der {Sekundarstufe} {I}},
	isbn = {978-3-662-43354-6 978-3-662-43355-3},
	url = {http://link.springer.com/10.1007/978-3-662-43355-3},
	language = {de},
	urldate = {2021-11-08},
	publisher = {Springer Berlin Heidelberg},
	author = {Krüger, Katja and Sill, Hans-Dieter and Sikora, Christine},
	year = {2015},
	doi = {10.1007/978-3-662-43355-3},
}


@incollection{Kuntze2018,
	address = {Berlin, Heidelberg},
	title = {Flächeninhalt und {Volumen}},
	isbn = {978-3-662-56216-1 978-3-662-56217-8},
	url = {http://link.springer.com/10.1007/978-3-662-56217-8_7},
	language = {de},
	urldate = {2021-11-13},
	booktitle = {Didaktik der {Geometrie} für die {Sekundarstufe} {I}},
	publisher = {Springer Berlin Heidelberg},
	author = {Kuntze, Sebastian},
	collaborator = {Weigand, Hans-Georg and Filler, Andreas and Hölzl, Reinhard and Kuntze, Sebastian and Ludwig, Matthias and Roth, Jürgen and Schmidt-Thieme, Barbara and Wittmann, Gerald},
	year = {2018},
	doi = {10.1007/978-3-662-56217-8_7},
	pages = {149--177},
}


@misc{Kuzle,
	title = {Theoretischer {Hintergrund} zum {Problemlösen}},
	url = {https://proffi-m.de/theorie},
	urldate = {2022-01-09},
	author = {Kuzle, Ana},
}


@article{Ladel2013,
	title = {An {Activity}-{Theoretic} {Approach} to {Multi}-{Touch} {Tools} in {Early} {Mathematics} {Learning}},
	volume = {1},
	url = {https://www.researchgate.net/publication/261823263_An_activity-theoretic_approach_to_multi-touch_tools_in_early_maths_learning},
	number = {20},
	journal = {The International Journal for Technology in Mathematics Education},
	author = {Ladel, Silke and Kortenkamp, Ulrich},
	year = {2013},
	pages = {3--8},
}


@book{Lambacher2010,
	address = {Stuttgart Leipzig},
	edition = {Sachsen, 1. Aufl.},
	title = {Lambacher Schweizer Mathematik für Gymnasien. 5, Schülerbuch},
	isbn = {978-3-12-734151-5},
	publisher = {Klett},
	year = {2010},
}


@misc{Lambert:2012,
	address = {Saarbrücken},
	title = {Gedanken zum aktuellen {Kompetenzbegriff} für den ({Mathematik}-)unterricht},
	type = {Vortrag},
	url = {https://www.uni-saarland.de/fileadmin/upload/einrichtung/zfl/PDF_Fachdidaktik/PDF_Kolloquium_FD/Kompetenzbegriff_für_den_Mathematikunterricht_Statement_mit_Folien.pdf},
	language = {de},
	author = {Lambert, Anselm},
	year = {2012},
	howpublished= {Eingangsstatement zur Podiumsdiskussion im Rahmen des 3. Fachdidaktischen Kolloquiums an der Universität des Saarlandes, Saarbrücken},
}


@article{Larkin2019,
	title = {Using the {ACAT} {Framework} to {Evaluate} the {Design} of {Two} {Geometry} {Apps}: an {Exploratory} {Study}},
	volume = {5},
	issn = {2199-3246, 2199-3254},
	shorttitle = {Using the {ACAT} {Framework} to {Evaluate} the {Design} of {Two} {Geometry} {Apps}},
	doi = {10.1007/s40751-018-0045-4},
	language = {en},
	number = {1},
	urldate = {2019-04-23},
	journal = {Digital Experiences in Mathematics Education},
	author = {Larkin, Kevin and Kortenkamp, Ulrich and Ladel, Silke and Etzold, Heiko},
	month = apr,
	year = {2019},
	pages = {59--92},
}


@incollection{Leuders2009,
	address = {Berlin},
	title = {Intelligent üben und {Mathematik} erleben},
	url = {https://home.ph-freiburg.de/leudersfr/preprint/2009_leuders_intelligent_ueben_mathemagische_momente.pdf},
	booktitle = {Mathemagische {Momente}},
	publisher = {Cornelsen},
	author = {Leuders, Timo},
	editor = {Leuders, Timo and Hefendehl-Hebeker, Lisa and Weigand, Hans-Georg},
	year = {2009},
	pages = {130--143},
}


@incollection{Leuders2015,
	address = {Berlin, Heidelberg},
	title = {Aufgaben in {Forschung} und {Praxis}},
	isbn = {978-3-642-35118-1 978-3-642-35119-8},
	url = {http://link.springer.com/10.1007/978-3-642-35119-8},
	language = {de},
	urldate = {2021-10-24},
	booktitle = {Handbuch der {Mathematikdidaktik}},
	publisher = {Springer Berlin Heidelberg},
	author = {Leuders, Timo},
	editor = {Bruder, Regina and Hefendehl-Hebeker, Lisa and Schmidt-Thieme, Barbara and Weigand, Hans-Georg},
	year = {2015},
	doi = {10.1007/978-3-642-35119-8},
	pages = {435--460},
}


@article{Leuders2011,
	title = {Das macht {Sinn}! {Sinnstiftung} mit {Kontexten} und {Kernideen}},
	volume = {53},
	url = {https://www.researchgate.net/publication/233978329},
	language = {de},
	number = {37},
	urldate = {2021-11-22},
	journal = {Praxis der Mathematik in der Schule},
	author = {Leuders, Timo and Hußmann, Stephan and Barzel, Bärbel and Prediger, Susanne},
	year = {2011},
	pages = {2--9},
}


@book{Barzel2015a,
	address = {Berlin},
	edition = {Mittlerer Schulabschluss, allgemeine Ausg., 1. Aufl.},
	title = {Mathewerkstatt. 7, {Schulbuch}},
	isbn = {978-3-06-040248-9},
	language = {ger},
	publisher = {Cornelsen},
	editor = {Leuders, Timo and Prediger, Susanne and Barzel, Bärbel and Hußmann, Stephan},
	year = {2015},
}


@misc{LISUM,
	title = {Materialien zur {Diagnose} und {Förderung} im {Mathematikunterricht} –  {Leitidee} „{Daten} und {Zufall}“},
	copyright = {CC-BY-SA 4.0},
	url = {https://bildungsserver.berlin-brandenburg.de/unterricht/faecher/mathematik-naturwissenschaften/mathematik/unterrichtsmaterialien-und-fachthemen/1-materialien-zu-den-themen-des-rlp-1-10/sekundarstufe-i/materialien-zur-diagnose-und-foerderung-im-mathematikunterricht/themenfeld-5-daten-und-zufall},
	urldate = {2022-01-25},
	author = {LISUM},
}


@misc{LISUMa,
	title = {Materialien zur {Diagnose} und {Förderung} im {Mathematikunterricht} –  {Leitidee} „{Daten} und {Zufall}“. {Inhaltliches} {Konzeptbild}},
	copyright = {CC-BY-SA 4.0},
	url = {https://bildungsserver.berlin-brandenburg.de/fileadmin/bbb/unterricht/faecher/naturwissenschaften/mathematik/Materialien_zur_Diagnose_und_Foerderung_im_Mathematikunterricht/Daten_und_Zufall/060_Konzept_Daten_und_Zufall__180625.pdf},
	urldate = {2022-01-25},
	author = {LISUM},
}


@misc{LISUMc,
	title = {Materialien zur {Diagnose} und {Förderung} im {Mathematikunterricht} –  {Leitidee} „{Gleichungen} und {Funktionen}“},
	copyright = {CC-BY-SA 4.0},
	url = {https://bildungsserver.berlin-brandenburg.de/rlp-online/c-faecher/mathematik/materialien/materialien-zur-diagnose-und-foerderung-im-mathematikunterricht-leitidee-gleichungen-und-funktionen},
	urldate = {2022-01-25},
	author = {LISUM},
}


@misc{LISUMd,
	title = {Materialien zur {Diagnose} und {Förderung} im {Mathematikunterricht} –  {Leitidee} „{Gleichungen} und {Funktionen}“. {Inhaltliches} {Konzeptbild}},
	copyright = {CC-BY-SA 4.0},
	url = {https://bildungsserver.berlin-brandenburg.de/fileadmin/bbb/rlp-online/Teil_C/Mathematik/Materialien/Materialien_zum_Themenfeld_Gleichungen_und_Funktionen/009_L4_Konzeptbild.pdf},
	urldate = {2022-01-25},
	author = {LISUM},
}


@misc{LISUMe,
	title = {Materialien zur {Diagnose} und {Förderung} im {Mathematikunterricht} –  {Leitidee} „{Größen} und {Messen}"},
	copyright = {CC-BY-SA 4.0},
	url = {https://bildungsserver.berlin-brandenburg.de/unterricht/faecher/mathematik-naturwissenschaften/mathematik/unterrichtsmaterialien-und-fachthemen/1-materialien-zu-den-themen-des-rlp-1-10/sekundarstufe-i/materialien-zur-diagnose-und-foerderung-im-mathematikunterricht/themenfeld-2-groessen-und-messen},
	urldate = {2022-02-18},
	author = {LISUM},
}


@misc{LISUMf,
	title = {Materialien zur {Diagnose} und {Förderung} im {Mathematikunterricht} –  {Leitidee} „{Größen} und {Messen}". {Inhaltliches} {Konzeptbild}},
	copyright = {CC-BY-SA 4.0},
	url = {https://bildungsserver.berlin-brandenburg.de/fileadmin/bbb/unterricht/faecher/naturwissenschaften/mathematik/Materialien_zur_Diagnose_und_Foerderung_im_Mathematikunterricht/Groessen_und_Messen/009_Konzeptbild_Gri_en_und_Messen.pdf},
	urldate = {2022-02-18},
	author = {LISUM},
}


@misc{LISUMb,
	title = {Materialien zur {Diagnose} und {Förderung} im {Mathematikunterricht} –  {Leitidee} „{Zahlen} und {Operationen}"},
	copyright = {CC-BY-SA 4.0},
	url = {https://bildungsserver.berlin-brandenburg.de/rlp-online/c-faecher/mathematik/materialien/materialien-zur-diagnose-und-foerderung-im-mathematikunterricht-leitidee-zahlen-und-operationen},
	urldate = {2022-01-28},
	author = {LISUM},
}


@misc{LISUM2021,
	title = {Materialien zur {Diagnose} und {Förderung} im {Mathematikunterricht} –  {Leitidee} „{Zahlen} und {Operationen}". {Inhaltliches} {Konzeptbild}},
	copyright = {CC-BY-SA 4.0},
	url = {https://bildungsserver.berlin-brandenburg.de/fileadmin/bbb/rlp-online/Teil_C/Mathematik/Materialien/Materialien_zum_Themenfeld1_Zahlen_und_Operationen/070_L1_Konzeptbild.pdf},
	urldate = {2022-01-28},
	author = {LISUM},
	year = {2021},
}


@misc{LISUM2022,
	title = {Materialien zur {Diagnose} und {Förderung} im {Mathematikunterricht}. {Raum} und {Form}},
	url = {https://bildungsserver.berlin-brandenburg.de/fileadmin/bbb/rlp-online/Teil_C/Mathematik/Materialien/Mathe-Ordner_3_-_Gesamtdatei.pdf},
	editor = {LISUM},
	year = {2022},
	file = {Mathe-Ordner_3_-_Gesamtdatei.pdf:/Users/etzold/Zotero/storage/NQBMFBSM/Mathe-Ordner_3_-_Gesamtdatei.pdf:application/pdf},
}


@incollection{Lompscher1985a,
	address = {Berlin},
	title = {Die {Ausbildung} von {Lernhandlungen}},
	booktitle = {Persönlichkeitsentwicklung in der {Lerntätigkeit}},
	publisher = {Volk und Wissen},
	author = {Lompscher, Joachim},
	editor = {Lompscher, Joachim},
	year = {1983},
	pages = {53--78},
}


@incollection{Lompscher1985b,
	address = {Berlin},
	title = {Die {Lerntätigkeit} als dominierende {Tätigkeit} des jüngeren {Schülers}},
	booktitle = {Persönlichkeitsentwicklung in der {Lerntätigkeit}},
	publisher = {Volk und Wissen},
	author = {Lompscher, Joachim},
	editor = {Lompscher, Joachim},
	year = {1985},
	pages = {23--52},
}


@misc{Lompscher1996,
	address = {Genf},
	title = {Aufsteigen vom {Abstrakten} zum {Konkreten} - {Lernen} und {Lehren} in {Zonen} der nächsten {Entwicklung}},
	url = {https://publishup.uni-potsdam.de/opus4-ubp/frontdoor/deliver/index/docId/444/file/AUFSTEIG.pdf},
	author = {Lompscher, Joachim},
	year = {1996},
}


@book{Mienert2011,
	address = {Wiesbaden},
	title = {Pädagogische {Psychologie}},
	isbn = {978-3-531-16945-3 978-3-531-92095-5},
	url = {http://link.springer.com/10.1007/978-3-531-92095-5},
	language = {de},
	urldate = {2022-11-07},
	publisher = {VS Verlag für Sozialwissenschaften},
	author = {Mienert, Malte and Pitcher, Sabine},
	year = {2011},
	doi = {10.1007/978-3-531-92095-5},
}


@misc{MinisteriumfurBildungJugendundSportdesLandesBrandenburg,
	title = {Rahmenlehrplan {Brandenburg} {Sek}. {I}. {Teil} {B} - {Fachübergreifende} {Kompetenzentwicklung}},
	url = {https://bildungsserver.berlin-brandenburg.de/fileadmin/bbb/unterricht/rahmenlehrplaene/Rahmenlehrplanprojekt/amtliche_Fassung/Teil_B_2015_11_10_WEB.pdf},
	language = {de},
	urldate = {2022-01-02},
	date = {2015},
	editor = {{Ministerium für Bildung, Jugend und Sport des Landes Brandenburg}},
}



@misc{MinisteriumfurBildungJugendundSportdesLandesBrandenburg2022,
	title = {Rahmenlehrplan für die gymnasiale {Oberstufe}. {Teil} {C}. {Mathematik}},
	copyright = {CC-BY-ND 4.0},
	url = {https://bildungsserver.berlin-brandenburg.de/fileadmin/bbb/unterricht/rahmenlehrplaene/gymnasiale_oberstufe/curricula/2022/Teil_C_RLP_GOST_2022_Mathematik.pdf},
	editor = {Ministerium für Bildung, Jugend und Sport des Landes Brandenburg},
	year = {2022},
}

@misc{MinisteriumfuerBildungJugendundSportdesLandesBrandenburg2023,
	title = {Rahmenlehrplan {Brandenburg}. {Teil} {C}, {Mathematik}, {Jahrgangsstufen} 1 -- 10},
	url = {https://bildungsserver.berlin-brandenburg.de/fileadmin/bbb/unterricht/rahmenlehrplaene/Rahmenlehrplanprojekt/amtliche_Fassung/getrennt_2023/BB_RLP_2023_Teil_C_Ma_GenF_1.pdf},
	language = {de},
	editor = {Ministerium für Bildung, Jugend und Sport des Landes Brandenburg},
	year = {2023},
}




@article{Mitchelmore:1990,
	title = {Psychologische und mathematische Schwierigkeiten beim Lernen des Winkelbegriffs},
	volume = {13},
	journal = {mathematica didactica},
	author = {Mitchelmore, Michael},
	year = {1990},
	pages = {19-37},
}


@article{Mitchelmore:1998,
	title = {Development of {Angle} {Concepts}: {A} {Framework} for {Research}},
	volume = {10},
	number = {3},
	journal = {Mathematics Education Research Journal},
	author = {Mitchelmore, Michael and White, Paul},
	year = {1998},
	pages = {4--27},
}


@book{Padberg2021,
	address = {Berlin [Heidelberg]},
	edition = {5., überarbeitete Aufl.},
	series = {Mathematik {Primarstufe} und {Sekundarstufe} {I} + {II}},
	title = {Didaktik der {Arithmetik}: fundiert, vielseitig, praxisnah},
	isbn = {978-3-662-61623-9},
	shorttitle = {Didaktik der {Arithmetik}},
	language = {ger},
	publisher = {Springer Spektrum},
	author = {Padberg, Friedhelm and Benz, Christiane},
	year = {2021},
}


@book{Padberg:2017,
	address = {Berlin, Heidelberg},
	edition = {5},
	title = {Didaktik der {Bruchrechnung}},
	isbn = {978-3-662-52968-3 978-3-662-52969-0},
	url = {http://link.springer.com/10.1007/978-3-662-52969-0},
	language = {de},
	urldate = {2021-11-03},
	publisher = {Springer Spektrum},
	author = {Padberg, Friedhelm and Wartha, Sebastian},
	year = {2017},
	doi = {10.1007/978-3-662-52969-0},
}


@incollection{Prediger2014,
	address = {Münster},
	title = {Kernprozesse – {Ein} {Modell} zur {Strukturierung} von {Unterrichtsdesign} und {Unterrichtshandeln}},
	url = {https://www.researchgate.net/publication/261402528_Fachspezifische_Differenzierungsansatze_fur_unterschiedliche_Unterrichtsphasen},
	language = {de},
	booktitle = {Unterrichtsentwicklung und {Kompetenzorientierung}. {Festschrift} für {Regina} {Bruder}},
	publisher = {WTM},
	author = {Prediger, Susanne and Hußmann, Stephan and Leuders, Timo and Barzel, Bärbel},
	editor = {Bausch, Isabell and Pinkernell, Guido and Schmitt, Oliver},
	year = {2014},
	pages = {81--92},
}


@incollection{Prediger2013,
	title = {Anknüpfen, {Erkunden}, {Ordnen}, {Vertiefen}},
	copyright = {open access},
	url = {http://eldorado.tu-dortmund.de/handle/2003/32733},
	language = {de},
	urldate = {2021-11-14},
	booktitle = {Beiträge zum {Mathematikunterricht} 2013, 47. {Jahrestagung} der {Gesellschaft} für {Didaktik} der {Mathematik} vom 4.3.2013 bis 8.3.2013 in {Münster}},
	publisher = {Gesellschaft für Didaktik der Mathematik},
	author = {Prediger, Susanne and Leuders, Timo and Barzel, Bärbel and Hussmann, Stephan},
	editor = {Greefrath, Gilbert and Käpnick, Friedhelm and Stein, Martin},
	year = {2013},
	doi = {10.17877/DE290R-1474},
	pages = {769--772},
}


@misc{Quarder2020,
	title = {Blütenaufgaben im {Mathematikunterricht}},
	url = {https://www.youtube.com/watch?v=zrEimaARq7w},
	urldate = {2022-01-10},
	author = {Quarder, Jascha},
	year = {2020},
}


@incollection{Reitz-Koncebovski2018,
	title = {Gestaltungsprinzipien für fachwissenschaftliche {Einführungsveranstaltungen}},
	isbn = {978-3-86956-442-5},
	language = {de},
	booktitle = {{PSI}-{Potsdam}. {Ergebnisbericht} zu den {Aktivitäten} im {Rahmen} der {Qualitätsoffensive} {Lehrerbildung} (2015-2018)},
	publisher = {Universitätsverlag Potsdam},
	author = {Reitz-Koncebovski, Karen and Kortenkamp, Ulrich and Goral, Johanna},
	editor = {Borowski, Andreas and Ehlert, Antje and Prechtl, Helmut},
	year = {2018},
	pages = {175--188},
	url = {https://nbn-resolving.org/urn:nbn:de:kobv:517-opus4-420301},
}


@book{Riemer1988,
	title = {Riemer-{Würfel}},
	url = {http://www.riemer-koeln.de/mathematik/quader/riemer-wuerfel-klett.pdf},
	publisher = {Klett},
	author = {Riemer, Wolfgang},
	year = {1988},
}


@article{Salle2021,
	title = {Herleitung von {Grundvorstellungen} als normative {Leitlinien} – {Beschreibung} eines theoriebasierten {Verfahrensrahmens}},
	issn = {0173-5322, 1869-2699},
	url = {https://link.springer.com/10.1007/s13138-021-00184-5},
	doi = {10.1007/s13138-021-00184-5},
	abstract = {Basic ideas (Grundvorstellungen) are guidelines for the conception of learning processes. They also structure empirical research aiming at analyzing individual mental representations. However, it is often not exactly described how content-speciﬁc formulations of basic ideas are carried out.},
	language = {de},
	urldate = {2021-06-07},
	journal = {Journal für Mathematik-Didaktik},
	author = {Salle, Alexander and Clüver, Tomma},
	month = apr,
	year = {2021},
}


@book{Schecker2018,
	address = {Berlin, Heidelberg},
	title = {Schülervorstellungen und {Physikunterricht}: {Ein} {Lehrbuch} für {Studium}, {Referendariat} und {Unterrichtspraxis}},
	isbn = {978-3-662-57269-6 978-3-662-57270-2},
	shorttitle = {Schülervorstellungen und {Physikunterricht}},
	url = {http://link.springer.com/10.1007/978-3-662-57270-2},
	language = {de},
	urldate = {2021-11-07},
	publisher = {Springer Berlin Heidelberg},
	editor = {Schecker, Horst and Wilhelm, Thomas and Hopf, Martin and Duit, Reinders},
	year = {2018},
	doi = {10.1007/978-3-662-57270-2},
}


@incollection{Schmidt-Thieme2015,
	address = {Berlin, Heidelberg},
	title = {Medien},
	isbn = {978-3-642-35118-1 978-3-642-35119-8},
	url = {http://link.springer.com/10.1007/978-3-642-35119-8_17},
	language = {de},
	urldate = {2021-12-19},
	booktitle = {Handbuch der {Mathematikdidaktik}},
	publisher = {Springer Berlin Heidelberg},
	author = {Schmidt-Thieme, Barbara and Weigand, Hans-Georg},
	editor = {Bruder, Regina and Hefendehl-Hebeker, Lisa and Schmidt-Thieme, Barbara and Weigand, Hans-Georg},
	year = {2015},
	doi = {10.1007/978-3-642-35119-8_17},
	pages = {461--490},
}


@book{Schubert:2011,
	address = {Heidelberg},
	edition = {2. Aufl},
	title = {Didaktik der {Informatik}},
	isbn = {978-3-8274-2652-9},
	language = {de},
	publisher = {Spektrum, Akad. Verl},
	author = {Schubert, Sigrid and Schwill, Andreas},
	year = {2011},
	doi = {10.1007/978-3-8274-2653-6},
}


@misc{Schulz,
	title = {Materialien zur {Diagnose} und {Förderung} im {Mathematikunterricht} –  {Leitidee} „{Zahlen} und {Operationen}“. {Didaktischer} {Kommentar}},
	copyright = {CC-BY-SA 4.0},
	url = {https://bildungsserver.berlin-brandenburg.de/fileadmin/bbb/rlp-online/Teil_C/Mathematik/Materialien/Materialien_zum_Themenfeld1_Zahlen_und_Operationen/069_L1_Didaktischer_Kommentar.pdf},
	urldate = {2022-01-28},
	author = {Schulz, Andreas},
}


@incollection{Schulz2018,
	title = {Orientierung am {Zahlenstrahl} – {Funktionen} und {Deutung}},
	copyright = {open access},
	url = {https://eldorado.tu-dortmund.de/handle/2003/37693},
	language = {de},
	pages = {1663-1666},
	urldate = {2021-12-19},
	publisher = {WTM-Verlag},
	author = {Schulz, Axel},
	editor = {{Fachgruppe Didaktik der Mathematik der Universität Paderborn}},
	booktitle = {Vorträge auf der 52. Tagung für Didaktik der Mathematik - Jahrestagung der Gesellschaft für Didaktik der Mathematik vom 05.03. bis 09.03.2018 in Paderborn},
	year = {2018},
	doi = {10.17877/DE290R-19688},
}


@book{Schulz2021,
	address = {Berlin, Heidelberg},
	series = {Mathematik {Primarstufe} und {Sekundarstufe} {I} + {II}},
	title = {Zahlen und {Operationen} am Übergang {Primar}-/{Sekundarstufe}: {Grundvorstellungen} aufbauen, festigen, vernetzen},
	isbn = {978-3-662-62095-3 978-3-662-62096-0},
	shorttitle = {Zahlen und {Operationen} am Übergang {Primar}-/{Sekundarstufe}},
	url = {https://link.springer.com/10.1007/978-3-662-62096-0},
	language = {de},
	urldate = {2022-01-28},
	publisher = {Springer Berlin Heidelberg},
	author = {Schulz, Axel and Wartha, Sebastian},
	year = {2021},
	doi = {10.1007/978-3-662-62096-0},
}


@article{Schupp:2016,
	title = {Gedanken zum „{Stoff}“ und zur „{Stoffdidaktik}“ sowie zu ihrer {Bedeutung} für die {Qualität} des {Mathematikunterrichts}},
	volume = {63},
	issn = {0720-728X, 1432-1815},
	url = {http://link.springer.com/10.1007/s00591-016-0159-y},
	doi = {10.1007/s00591-016-0159-y},
	language = {de},
	number = {1},
	urldate = {2021-10-24},
	journal = {Mathematische Semesterberichte},
	author = {Schupp, Hans},
	month = jun,
	year = {2016},
	pages = {69--92},
}


@misc{Schwill:1994,
	address = {Wolfenbüttel},
	title = {Fundamentale {Ideen} in {Mathematik} und {Informatik}},
	url = {http://www.informatikdidaktik.de/didaktik/Forschung/Wolfenbuettel94.pdf},
	howpublished = {Herbsttagung des Arbeitskreises Mathematikunterricht und Informatik, Wolfenbüttel},
	language = {de},
	urldate = {2021-10-25},
	author = {Schwill, Andreas},
	year = {1994},
}


@misc{KMK:2012,
	title = {Bildungsstandards im {Fach} {Mathematik} für die {Allgemeine} {Hochschulreife}. (Beschluss der Kultusministerkonferenz vom 18.10.2012)},
	url = {https://www.kmk.org/fileadmin/Dateien/veroeffentlichungen_beschluesse/2012/2012_10_18-Bildungsstandards-Mathe-Abi.pdf},
	author = {{Sekretariat der Ständigen Konferenz der Kultusminister der Länder in der Bundesrepublik Deutschland}},
	month = oct,
	year = {2012},
}


@misc{KMK:2004a,
	title = {Bildungsstandards im {Fach} {Mathematik} für den {Mittleren} {Schulabschluss}. {Beschluss} vom 4.12.2003},
	url = {https://www.kmk.org/fileadmin/Dateien/veroeffentlichungen_beschluesse/2003/2003_12_04-Bildungsstandards-Mathe-Mittleren-SA.pdf},
	publisher = {Luchterhand},
	author = {{Sekretariat der Ständigen Konferenz der Kultusminister der Länder in der Bundesrepublik Deutschland}},
	shortauthor = {KMK},
	year = {2004},
}


@misc{KMK2005,
	title = {Bildungsstandards im {Fach} {Mathematik} für den {Primarbereich}. {Beschluss} vom 15.10. 2004},
	url = {https://www.kmk.org/fileadmin/Dateien/veroeffentlichungen_beschluesse/2004/2004_10_15-Bildungsstandards-Mathe-Primar.pdf},
	publisher = {Luchterhand},
	author = {{Sekretariat der Ständigen Konferenz der Kultusminister der Länder in der Bundesrepublik Deutschland}},
	year = {2005},
}



@incollection{Richter2016,
	address = {Neuss},
	edition = {1. Auflage},
	title = {Das {Tätigkeitskonzept} als {Analyseinstrument} für technologiegestützte {Lernprozesse} im {Fach} {Mathematik}},
	isbn = {978-3-940516-24-4 978-3-940516-20-6},
	language = {ger},
	booktitle = {Digitale {Werkzeuge} für den {Mathematikunterricht}: {Festschrift} für {Hans}-{Jürgen} {Elschenbroich}},
	publisher = {Verlag Klaus Seeberger},
	author = {Richter, Kristina and Bruder, Regina},
	editor = {Heintz, Gaby and Elschenbroich, Hans-Jürgen and Pinkernell, Guido and Schacht, Florian},
	year = {2016},
	pages = {188--214},
}



@misc{SekretariatderStandigenKonferenzderKultusministerderLanderinderBundesrepublikDeutschland2022,
	title = {Bildungsstandards für das {Fach} {Mathematik} {Erster} {Schulabschluss} ({ESA}) und {Mittlerer} {Schulabschluss} ({MSA}). ({Beschluss} der {Kultusministerkonferenz} vom 15.10.2004 und vom 04.12.2003, i.d.{F}. vom 23.06.2022)},
	url = {https://www.kmk.org/fileadmin/Dateien/veroeffentlichungen_beschluesse/2022/2022_06_23-Bista-ESA-MSA-Mathe.pdf},
	author = {{Sekretariat der Ständigen Konferenz der Kultusminister der Länder in der Bundesrepublik Deutschland}},
	year = {2022},
}


@misc{SekretariatderStandigenKonferenzderKultusministerderLanderinderBundesrepublikDeutschland2022a,
	title = {Bildungsstandards für das {Fach} {Mathematik} {Primarbereich}. ({Beschluss} der {Kultusministerkonferenz} vom 15.10.2004, i.d.{F}. vom 23.06.2022)},
	author = {{Sekretariat der Ständigen Konferenz der Kultusminister der Länder in der Bundesrepublik Deutschland}},
	year = {2022},
	url = {https://www.kmk.org/fileadmin/Dateien/veroeffentlichungen_beschluesse/2022/2022_06_23-Bista-Primarbereich-Mathe.pdf},
}


@book{Sill2019,
	address = {Berlin, Heidelberg},
	title = {Didaktik der {Stochastik} in der {Primarstufe}},
	isbn = {978-3-662-59267-0 978-3-662-59268-7},
	url = {http://link.springer.com/10.1007/978-3-662-59268-7},
	language = {de},
	urldate = {2022-11-15},
	publisher = {Springer Berlin Heidelberg},
	author = {Sill, Hans-Dieter and Kurtzmann, Grit},
	year = {2019},
	doi = {10.1007/978-3-662-59268-7},
	keywords = {Stochastik},
}


@misc{SINUSBayern,
	title = {Aufgabenkultur},
	url = {https://www.deltaplus.bayern.de/fileadmin/user_upload/DELTAplus/1_Aufgabenkultur/Aufgabenkultur.pdf},
	urldate = {2022-01-02},
	author = {{SINUS Bayern}},
}


@incollection{Stein2018,
	title = {{ACAT}-{Review} zur {App} „{Klipp} {Klapp}“},
	isbn = {978-3-95987-078-8},
	url = {https://www.wtm-verlag.de/s-ladel-u-kortenkamp-h-etzold-hrsg-mathematik-mit-digitalen-medien-konkret-ein-handbuch-fuer-lehrpersonen-der-primarstufe/},
	urldate = {2021-12-19},
	booktitle = {Mathematik mit digitalen {Medien} – konkret},
	publisher = {WTM-Verlag},
	author = {Stein, Sarah},
	editor = {Ladel, Silke and Kortenkamp, Ulrich and Etzold, Heiko},
	year = {2018},
	doi = {10.37626/GA9783959870788.0.10},
	pages = {121--128},
}


@book{Steinhofel1988,
	address = {Berlin},
	title = {Zur {Gestaltung} typischer {Unterrichtssituationen} im {Mathematikunterricht}},
	publisher = {Ministerium für Volksbildung},
	author = {Steinhöfel, Wolfgang and Reichold, Klaus and Frenzel, Lothar},
	year = {1988},
}


@article{Strehl:1983,
	title = {Anschauliche {Vorstellung} und mathematische {Theorie} beim {Winkelbegriff}},
	volume = {6},
	journal = {mathematica didactica},
	author = {Strehl, Reinhard},
	year = {1983},
	pages = {129-146},
}


@book{Taylor:1715,
	address = {London},
	title = {Linear perspective},
	url = {https://nl.sub.uni-goettingen.de/id/0590700700},
	urldate = {2021-11-01},
	publisher = {printed for R. Knaplock at the Bishop's-Head in St. Paul's Church-Yard},
	author = {Taylor, Brook},
	year = {1715},
}


@book{Thiel-Schneider2018,
	address = {Wiesbaden},
	isbn = {978-3-658-21894-2 978-3-658-21895-9},
	language = {de},
	urldate = {2021-10-20},
	title = {Zum {Begriff} des exponentiellen {Wachstums}},
	publisher = {Springer Fachmedien Wiesbaden},
	author = {Thiel-Schneider, Alexandra},
	year = {2018},
	doi = {10.1007/978-3-658-21895-9},
}


@book{Tietze:2000a,
	address = {Wiesbaden},
	edition = {2},
	title = {Mathematikunterricht in der {Sekundarstufe} {II}. {Band} 1: {Fachdidaktische} {Grundfragen}, {Didaktik} der {Analysis}},
	isbn = {978-3-528-16766-0 978-3-322-90568-0},
	url = {http://link.springer.com/10.1007/978-3-322-90568-0},
	language = {de},
	urldate = {2021-10-25},
	publisher = {Vieweg+Teubner Verlag},
	editor = {Tietze, Uwe-Peter and Klika, Manfred and Wolpers, Hans},
	year = {2000},
	doi = {10.1007/978-3-322-90568-0},
}


@book{Tietze:2000,
	address = {Wiesbaden},
	title = {Mathematikunterricht in der {Sekundarstufe} {II}. {Band} 2: {Didaktik} der {Analytischen} {Geometrie} und {Linearen} {Algebra}},
	isbn = {978-3-528-06767-0 978-3-322-86479-6},
	url = {http://link.springer.com/10.1007/978-3-322-86479-6},
	language = {de},
	urldate = {2021-10-25},
	publisher = {Vieweg+Teubner Verlag},
	editor = {Tietze, Uwe-Peter and Klika, Manfred and Wolpers, Hans},
	year = {2000},
	doi = {10.1007/978-3-322-86479-6},
}


@book{Tietze:2002,
	address = {Wiesbaden},
	title = {Mathematikunterricht in der {Sekundarstufe} {II}. {Band} 3: {Didaktik} der {Stochastik}},
	isbn = {978-3-528-06999-5 978-3-322-83144-6},
	url = {http://link.springer.com/10.1007/978-3-322-83144-6},
	language = {de},
	urldate = {2021-10-25},
	publisher = {Vieweg+Teubner Verlag},
	editor = {Tietze, Uwe-Peter and Klika, Manfred and Wolpers, Hans},
	year = {2002},
	doi = {10.1007/978-3-322-83144-6},
}


@article{vandenHeuvel-Panhuizen2003,
	title = {The didactical use of models in realistic mathematics education: {An} example from a longitudinal trajectory on percentage},
	volume = {54},
	doi = {10.1023/B:EDUC.0000005212.03219.dc},
	abstract = {The purpose of this article is to describe how, within the Dutch approach to mathematics education, called Realistic Mathematics Education (RME), models are used to elicit students’ growth in understanding of mathematics. First some background information is given about the characteristics of RME related to the role of models in this approach. Then the focus is on the use of the bar model within a longitudinal trajectory on percentage that has been designed for Mathematics in Context, a curriculum for the U.S. middle school. The power of this model is that it develops alongside both the teaching and the students: from a drawing that represents a context related to percentage to a strip for estimation and reasoning to an abstract tool that supports the use of percentage as an operator.},
	language = {en},
	journal = {Educational Studies in Mathematics},
	author = {van den Heuvel-Panhuizen, Marja},
	options = {useprefix=true},
	year = {2003},
	pages = {9--35},
}


@phdthesis{Vohns:2000,
	type = {1. Staatsexamensarbeit},
	title = {Das {Messen} als fundamentale {Idee}},
	url = {https://wwwu.aau.at/avohns/pdf/messen.pdf},
	language = {de},
	urldate = {2021-10-26},
	school = {Universität-Gesamthochschule Siegen},
	author = {Vohns, Andreas},
	year = {2000},
}



@book{Vollrath2012,
	edition = {2},
	series = {Mathematik {Primarstufe} und {Sekundarstufe} {I} + {II}},
	title = {Grundlagen des {Mathematikunterrichts} in der {Sekundarstufe}},
	publisher = {Spektrum Akademischer Verlag},
	author = {Vollrath, Hans-Joachim and Roth, Jürgen},
	editor = {Padberg, Friedhelm},
	year = {2012},
	doi = {10.1007/978-3-8274-2855-4},
	keywords = {Begriffe},
}



@book{Hofe:1995,
	address = {Heidelberg, Berlin},
	title = {Grundvorstellungen mathematischer {Inhalte}},
	publisher = {Spektrum Akademischer Verlag},
	author = {vom Hofe, Rudolf},
	options = {useprefix=true},
	year = {1995},
}


@incollection{vomHofe2014,
	title = {Primäre und sekundäre {Grundvorstellungen}},
	copyright = {open access},
	url = {http://eldorado.tu-dortmund.de/handle/2003/33381},
	language = {de},
	urldate = {2021-11-07},
	booktitle = {Beiträge zum {Mathematikunterricht} 2014, 48. {Jahrestagung} der {Gesellschaft} für {Didaktik} der {Mathematik} vom 10.03.2014 bis 14.03.2014 in {Koblenz}},
	publisher = {WTM},
	author = {vom Hofe, Rudolf},
	editor = {Roth, Jürgen and Ames, Judith},
	year = {2014},
	doi = {10.17877/DE290R-8808},
	options = {useprefix=true},
}


@article{vomHofe2014a,
	title = {Zugänge zu negativen {Zahlen}},
	journal = {mathematik lehren},
	author = {vom Hofe, Rudolf and Hattermann, Mathias},
	options = {useprefix=true},
	year = {2014},
	pages = {2--7},
}


@incollection{vonderBank:2013,
	address = {Hildesheim, Berlin},
	title = {Fundamentale {Ideen}, insbesondere {Optimierung}},
	url = {https://www.math.uni-sb.de/service/lehramt/AKGeometrie/AKGeometrie2012.pdf},
	booktitle = {Wege zur {Begriffsbildung} für den {Geometrieunterricht}. {Ziele} und {Visionen} 2020. {Vorträge} auf der 29. {Herbsttagung} des {Arbeitskreises} {Geometrie} in der {Gesellschaft} für {Didaktik} der {Mathematik} vom 14. bis 16. {September} 2012 in {Saarbrücken}},
	publisher = {Franzbecker},
	author = {von der Bank, Marie-Christine},
	options = {useprefix=true},
	editor = {Filler, Andreas and Ludwig, Matthias},
	year = {2013},
	pages = {83--124},
}


@phdthesis{Bank:2016,
	school = {Universität des Saarlandes},
	type = {Dissertation},
	title = {Fundamentale {Ideen} der {Mathematik}: {Weiterentwicklung} einer {Theorie} zu deren unterrichtspraktischer {Nutzung}},
	shorttitle = {Fundamentale {Ideen} der {Mathematik}},
	url = {https://publikationen.sulb.uni-saarland.de/handle/20.500.11880/26729},
	language = {de},
	urldate = {2021-10-24},
	author = {von der Bank, Marie-Christine},
	options = {useprefix=true},
  year = {2016},
	doi = {10.22028/D291-26673},
}


@book{Wartha2011,
	title = {Aufbau von {Grundvorstellungen} (nicht nur) bei besonderen {Schwierigkeiten} im {Rechnen}},
	url = {http://www.sinus-an-grundschulen.de/fileadmin/uploads/Material_aus_SGS/Handreichung_WarthaSchulz.pdf},
	publisher = {IPN Kiel},
	author = {Wartha, Sebastian and Schulz, Axel},
	year = {2011},
}


@book{Weigand2018,
	address = {Berlin, Heidelberg},
	title = {Didaktik der {Geometrie} für die {Sekundarstufe} {I}},
	isbn = {978-3-662-56216-1 978-3-662-56217-8},
	url = {http://link.springer.com/10.1007/978-3-662-56217-8},
	language = {de},
	urldate = {2021-11-13},
	publisher = {Springer Berlin Heidelberg},
	author = {Weigand, Hans-Georg and Filler, Andreas and Hölzl, Reinhard and Kuntze, Sebastian and Ludwig, Matthias and Roth, Jürgen and Schmidt-Thieme, Barbara and Wittmann, Gerald},
	year = {2018},
	doi = {10.1007/978-3-662-56217-8},
}


@book{Weigand2022,
	address = {Berlin, Heidelberg},
	series = {Mathematik {Primarstufe} und {Sekundarstufe} {I} + {II}},
	title = {Didaktik der {Algebra}: nach der {Vorlage} von {Hans}-{Joachim} {Vollrath}},
	isbn = {978-3-662-64659-5 978-3-662-64660-1},
	shorttitle = {Didaktik der {Algebra}},
	url = {https://link.springer.com/10.1007/978-3-662-64660-1},
	language = {de},
	urldate = {2022-12-05},
	publisher = {Springer Berlin Heidelberg},
	author = {Weigand, Hans-Georg and Schüler-Meyer, Alexander and Pinkernell, Guido},
	year = {2022},
	doi = {10.1007/978-3-662-64660-1},
}


@book{Wennekers2016,
	address = {Berlin},
	title = {Zahlen und {Größen} 7 - {Berlin}/{Brandenburg}},
	isbn = {978-3-06-008546-0},
	language = {German},
	publisher = {Cornelsen},
	editor = {Wennekers, Udo},
	year = {2016},
	note = {OCLC: 893439758},
}


@misc{dewiki:214496187,
  author = {Wikipedia},
  title = {Schweinerei (Spiel) --- Wikipedia{,} die freie Enzyklopädie},
  url = {https://de.wikipedia.org/w/index.php?title=Schweinerei_(Spiel)&oldid=214496187},
  note = {[Online; Stand 25. Januar 2022]}
}

@misc{dewiki:216870314,
  author = {Wikipedia},
  title = {Heron-Verfahren --- Wikipedia{,} die freie Enzyklopädie},
  year = {2021},
  url = {https://de.wikipedia.org/w/index.php?title=Heron-Verfahren&oldid=216870314},
  note = {[Online; Stand 18. Januar 2022]}
}


@misc{WikiPeano,
  author = {Wikipedia},
  title = {Peano-Axiome --- Wikipedia{,} die freie Enzyklopädie},
  year = {2021},
  url = {https://de.wikipedia.org/w/index.php?title=Peano-Axiome&oldid=216675163},
  note = {[Online; Stand 5. November 2021]}
}


@misc{ dewiki:225284496,
  author = "Wikipedia",
  title = "Formelsatz --- Wikipedia{,} die freie Enzyklopädie",
  year = "2022",
  url = "https://de.wikipedia.org/w/index.php?title=Formelsatz&oldid=225284496",
  note = "[Online; Stand 26. Januar 2023]"
}


@misc{WikiKerze,
  author = "Wikipedia",
  title = "Kerzenuhr --- Wikipedia{,} die freie Enzyklopädie",
  year = "2022",
  url = "https://de.wikipedia.org/w/index.php?title=Kerzenuhr&oldid=227115991",
  note = "[Online; Stand 11. November 2022]"
}


@misc{dewiki:228417777,
  author = "Wikipedia",
  title = "Kultusministerkonferenz --- Wikipedia{,} die freie Enzyklopädie",
  year = "2022",
  url = "https://de.wikipedia.org/w/index.php?title=Kultusministerkonferenz&oldid=228417777",
  note = "[Online; Stand 30. Dezember 2022]"
}


@misc{enwiki:1023437370,
  author = {{Wikipedia contributors}},
  title = {Manipulative (mathematics education) --- {Wikipedia}{,} The Free Encyclopedia},
  year = {2021},
  url = {https://en.wikipedia.org/w/index.php?title=Manipulative_(mathematics_education)&oldid=1023437370},
  note = {[Online; accessed 19-December-2021]},
}


@article{Wittmann:2015,
	title = {Strukturgenetische didaktische {Analysen} – empirische {Forschung} „erster {Art}“},
	url = {http://www.mathematica-didactica.com/altejahrgaenge/md_2015/md_2015_Wittmann_Stoffdidaktik.pdf},
	language = {de},
	urldate = {2021-10-24},
	journal = {mathematica didactica},
	author = {Wittmann, Erich Ch},
	year = {2015},
	pages = {239--255},
}


@incollection{Worner2014,
	title = {Grundvorstellungen zum {Flächeninhaltsbegriff} ausbilden – eine exemplarische {Studie}},
	copyright = {open access},
	url = {http://eldorado.tu-dortmund.de/handle/2003/33392},
	language = {de},
	urldate = {2021-11-13},
	booktitle = {Beiträge zum {Mathematikunterricht} 2014, 48. {Jahrestagung} der {Gesellschaft} für {Didaktik} der {Mathematik} vom 10.03.2014 bis 14.03.2014 in {Koblenz}},
	author = {Wörner, Deborah},
	editor = {Roth, Jürgen and Ames, Judith},
	collaborator = {Technische Universität Dortmund},
	year = {2014},
	doi = {10.17877/DE290R-1049},
	pages = {1327-1330},
}


@incollection{Wygotski1985a,
	address = {Berlin},
	title = {Die instrumentelle {Methode} in der {Psychologie}},
	booktitle = {Lew {Wygotski}. {Ausgewählte} {Schriften}. {Teil} 1: {Arbeiten} zu theoretischen und methodologischen {Problemen} der {Psychologie}},
	publisher = {Volk und Wissen},
	author = {Wygotski, Lew},
	editor = {Lompscher, Joachim},
	year = {1985},
	pages = {309--317},
}


@book{Zech1998,
	address = {Weinheim, Basel},
	edition = {9},
	title = {Grundkurs {Mathematikdidaktik}},
	publisher = {Beltz Verlag},
	author = {Zech, Friedrich},
	year = {1998},
}

